@misc{java ,
 howpublished = {http://java.sun.com},
 month = {Agosto}
}
@misc{j2me ,
 howpublished = {http://java.sun.com/j2me},
 month = {Agosto}
}
@misc{javaspec ,
 howpublished = {http://java.sun.com/docs/books/vmspec/html/VMSpecTOC.doc.html},
 month = {Julho}
}
@book{lakatos,
 author = {Eva Maria Lakatos and Marina de Andrade Marconi},
 title = {Métodologia ciêntifica: ciência e conhecimento ciêntifico, métodos cientificos, teoria, hipóteses e variavéis},
 publisher = {Atlas},
 pages= {231},
 year = {1982}
}
@book{andrade, 
 author = {Maria Margarida de Andrade}, 
 title = {Como preparar trabalhos para cursos de pos-graduação : noções praticas.},
 publisher = {Atlas},
 pages = {118},
 year = {1997},
 edition = {2},
 address = {São Paulo}
}
@book{demo,
 author = {Pedro Demo},
 title = {Introdução a metodologia da ciência.},
 publisher = {Atlas},
 pages = {118},
 year = {1985},
 edition = {2},
 address = {São Paulo}
}
@misc{rayside,
 author = "D. Rayside and E. Mamas and E. Hons",
 title = "Compact java binaries for embedded systems",
 text = "Derek Rayside, Evan Mamas, and Erik Hons. Compact java binaries for embedded systems. In Cascon, pages 1-14, November 1999.",
 year = "1999",
 howpublished = "citeseer.ist.psu.edu/rayside99compact.html"
}
