@article{java,
 url = {http://java.sun.com} }
@misc{j2me,
 url = {http://java.sun.com/j2me}}
@book{lakatos,
  author = {Eva Maria Lakatos and Marina de Andrade Marconi},
  title = {Métodologia ciêntifica: ciência e conhecimento ciêntifico, métodos cientificos, teoria, hipóteses e variavéis},
  publisher = {Atlas},
  pages= {231},
  year = {1982} }
